<record><leader>00000cas a22000007a 4500</leader><controlfield tag="001">11499966</controlfield><controlfield tag="008">841217c19459999aruwn ne      0   a0eng d</controlfield><datafield ind1=" " ind2=" " tag="010"><subfield code="a">sn 84002127 </subfield></datafield><datafield ind1=" " ind2=" " tag="040"><subfield code="a">NSD</subfield><subfield code="b">eng</subfield><subfield code="c">NSD</subfield><subfield code="d">ANU</subfield><subfield code="d">OCLCQ</subfield><subfield code="d">OCLCF</subfield><subfield code="d">OCLCO</subfield></datafield><datafield ind1=" " ind2=" " tag="012"><subfield code="m">1</subfield></datafield><datafield ind1="1" ind2=" " tag="022"><subfield code="a">8750-4995</subfield><subfield code="l">8750-4995</subfield><subfield code="2">1</subfield></datafield><datafield ind1=" " ind2=" " tag="032"><subfield code="a">204380</subfield><subfield code="b">USPS</subfield></datafield><datafield ind1=" " ind2=" " tag="037"><subfield code="b">Fordyce News-Advocate, 304 Spring St., P.O. Box 559, Fordyce, AR 71742</subfield></datafield><datafield ind1=" " ind2=" " tag="042"><subfield code="a">nsdp</subfield></datafield><datafield ind1=" " ind2=" " tag="043"><subfield code="a">n-us-ar</subfield></datafield><datafield ind1=" " ind2="0" tag="222"><subfield code="a">Fordyce news-advocate</subfield></datafield><datafield ind1="0" ind2="0" tag="245"><subfield code="a">Fordyce news-advocate.</subfield></datafield><datafield ind1="3" ind2="0" tag="246"><subfield code="a">News advocate</subfield></datafield><datafield ind1=" " ind2=" " tag="260"><subfield code="a">Fordyce, Ark. :</subfield><subfield code="b">Fordyce Pub. Co.</subfield></datafield><datafield ind1=" " ind2=" " tag="310"><subfield code="a">Weekly (except semiweekly Christmas week),</subfield><subfield code="b">&lt;Nov. 7, 1984-&gt;</subfield></datafield><datafield ind1=" " ind2=" " tag="321"><subfield code="a">Weekly</subfield></datafield><datafield ind1="0" ind2=" " tag="362"><subfield code="a">Vol. 40, no. 32 (Feb. 1, 1945)-</subfield></datafield><datafield ind1=" " ind2=" " tag="515"><subfield code="a">Numbering is irregular.</subfield></datafield><datafield ind1=" " ind2="0" tag="651"><subfield code="a">Fordyce (Ark.)</subfield><subfield code="v">Newspapers.</subfield></datafield><datafield ind1=" " ind2="7" tag="655"><subfield code="a">Newspapers.</subfield><subfield code="2">fast</subfield><subfield code="0">(OCoLC)fst01423814</subfield></datafield><datafield ind1=" " ind2="7" tag="651"><subfield code="a">Arkansas</subfield><subfield code="z">Fordyce.</subfield><subfield code="2">fast</subfield><subfield code="0">(OCoLC)fst01216910</subfield></datafield><datafield ind1=" " ind2=" " tag="752"><subfield code="a">United States</subfield><subfield code="b">Arkansas</subfield><subfield code="c">Dallas</subfield><subfield code="d">Fordyce.</subfield></datafield><datafield ind1="0" ind2="4" tag="780"><subfield code="t">Advocate (Fordyce, Ark.)</subfield><subfield code="w">(DLC)sn 89051171</subfield></datafield><datafield ind1="0" ind2="4" tag="780"><subfield code="t">Fordyce weekly news (Fordyce, Ark. : 1942)</subfield><subfield code="w">(DLC)sn 90050291</subfield></datafield><datafield ind1=" " ind2=" " tag="936"><subfield code="a">Nov. 7, 1984</subfield></datafield></record>